<marc:record xmlns:marc="http://www.loc.gov/MARC21/slim" xmlns:xsi="http://www.w3.org/2001/XMLSchema-instance" xsi:schemaLocation="http://www.loc.gov/MARC21/slim http://www.loc.gov/standards/marcxml/schema/MARC21slim.xsd">
  <marc:leader>00000cam a22      a 4500</marc:leader>
  <marc:controlfield tag="001">003054858</marc:controlfield>
  <marc:controlfield tag="003">OCoLC</marc:controlfield>
  <marc:controlfield tag="005">20080716115045.0</marc:controlfield>
  <marc:controlfield tag="008">040901s1912    le            000 0 ara d</marc:controlfield>
  <marc:datafield tag="020" ind1=" " ind2=" ">
    <marc:subfield code="a">2745133020</marc:subfield>
  </marc:datafield>
  <marc:datafield tag="020" ind1=" " ind2=" ">
    <marc:subfield code="a">9782745133021</marc:subfield>
  </marc:datafield>
  <marc:datafield tag="035" ind1=" " ind2=" ">
    <marc:subfield code="a">(OCoLC)56401672</marc:subfield>
  </marc:datafield>
  <marc:datafield tag="040" ind1=" " ind2=" ">
    <marc:subfield code="a">MUQ</marc:subfield>
    <marc:subfield code="c">MUQ</marc:subfield>
    <marc:subfield code="d">OCLCQ</marc:subfield>
  </marc:datafield>
  <marc:datafield tag="050" ind1=" " ind2="4">
    <marc:subfield code="a">PJ6106</marc:subfield>
  </marc:datafield>
  <marc:datafield tag="100" ind1="1" ind2=" ">
    <marc:subfield code="6">01</marc:subfield>
    <marc:subfield code="a">Ghalāyīnī, Muṣṭafá.</marc:subfield>
  </marc:datafield>
  <marc:datafield tag="100" ind1="1" ind2=" ">
    <marc:subfield code="6">01</marc:subfield>
    <marc:subfield code="a">غلاييني، مصطفى.</marc:subfield>
  </marc:datafield>
  <marc:datafield tag="245" ind1="1" ind2="3">
    <marc:subfield code="6">02</marc:subfield>
    <marc:subfield code="a">Al-durūs al-ʻArabīyah :</marc:subfield>
    <marc:subfield code="b">lil-madāris al-ibtidāʼiyah /</marc:subfield>
    <marc:subfield code="c">taʼlif al-Shaykh Mustafá al-Ghalāyīni.</marc:subfield>
  </marc:datafield>
  <marc:datafield tag="245" ind1="1" ind2="2">
    <marc:subfield code="6">02</marc:subfield>
    <marc:subfield code="a">الدروس العربية :</marc:subfield>
    <marc:subfield code="b">للمدارس الابتدائية /</marc:subfield>
    <marc:subfield code="c">تأل الشيخ مستفى الغلايين.</marc:subfield>
  </marc:datafield>
  <marc:datafield tag="260" ind1=" " ind2=" ">
    <marc:subfield code="6">03</marc:subfield>
    <marc:subfield code="a">Bayrūt :</marc:subfield>
    <marc:subfield code="b">Dār al-Kutub al-Ilmiyah,</marc:subfield>
    <marc:subfield code="c">1912.</marc:subfield>
  </marc:datafield>
  <marc:datafield tag="260" ind1=" " ind2=" ">
    <marc:subfield code="6">03</marc:subfield>
    <marc:subfield code="a">بيروت :</marc:subfield>
    <marc:subfield code="b">دار الكتب الالمية،</marc:subfield>
    <marc:subfield code="c">1912</marc:subfield>
  </marc:datafield>
  <marc:datafield tag="300" ind1=" " ind2=" ">
    <marc:subfield code="a">4 t. en 1 v.</marc:subfield>
  </marc:datafield>
  <marc:datafield tag="500" ind1=" " ind2=" ">
    <marc:subfield code="a">"Al-Silsilah al-Ula."</marc:subfield>
  </marc:datafield>
  <marc:datafield tag="650" ind1=" " ind2="0">
    <marc:subfield code="a">Arabic language</marc:subfield>
    <marc:subfield code="x">Grammar.</marc:subfield>
  </marc:datafield>
  <marc:datafield tag="650" ind1=" " ind2="0">
    <marc:subfield code="a">Arabic language</marc:subfield>
    <marc:subfield code="x">Study and teaching</marc:subfield>
    <marc:subfield code="z">Lebanon.</marc:subfield>
  </marc:datafield>
  <marc:datafield tag="994" ind1=" " ind2=" ">
    <marc:subfield code="a">C0</marc:subfield>
    <marc:subfield code="b">ZYU</marc:subfield>
  </marc:datafield>
</marc:record>
